<?xml version="1.0" encoding="UTF-8"?>
<zs:searchRetrieveResponse xmlns:zs="http://www.loc.gov/zing/srw/">
  <zs:version>1.1</zs:version>
  <zs:numberOfRecords>13</zs:numberOfRecords>
  <zs:records>
    <zs:record>
      <zs:recordSchema/>
      <zs:recordPacking>xml</zs:recordPacking>
      <zs:recordData>
        <record xmlns="http://www.loc.gov/MARC21/slim">
          <leader>02769cam a22003494a 4500</leader>
          <controlfield tag="001">15163185</controlfield>
          <controlfield tag="005">20080311152323.0</controlfield>
          <controlfield tag="008">080131s2002    dcua     b    000 0 eng d</controlfield>
          <datafield tag="906" ind1=" " ind2=" ">
            <subfield code="a">7</subfield>
            <subfield code="b">cbc</subfield>
            <subfield code="c">copycat</subfield>
            <subfield code="d">2</subfield>
            <subfield code="e">ncip</subfield>
            <subfield code="f">20</subfield>
            <subfield code="g">y-gencatlg</subfield>
          </datafield>
          <datafield tag="925" ind1="0" ind2=" ">
            <subfield code="a">acquire</subfield>
            <subfield code="b">2 shelf copies</subfield>
            <subfield code="x">policy default</subfield>
          </datafield>
          <datafield tag="955" ind1=" " ind2=" ">
            <subfield code="a">pv11 2008-01-31 z-processor 2 copies to SSCD</subfield>
            <subfield code="i">sg77 2008-03-07</subfield>
            <subfield code="e">sg77 2008-03-07 to BCCD</subfield>
            <subfield code="e">sg77 2008-03-11 to BCCD copy 2</subfield>
          </datafield>
          <datafield tag="010" ind1=" " ind2=" ">
            <subfield code="a">  2008271145</subfield>
          </datafield>
          <datafield tag="020" ind1=" " ind2=" ">
            <subfield code="a">1573700975</subfield>
          </datafield>
          <datafield tag="035" ind1=" " ind2=" ">
            <subfield code="a">(OCoLC)ocm51537601</subfield>
          </datafield>
          <datafield tag="040" ind1=" " ind2=" ">
            <subfield code="a">WMM</subfield>
            <subfield code="c">WMM</subfield>
            <subfield code="d">DLC</subfield>
          </datafield>
          <datafield tag="042" ind1=" " ind2=" ">
            <subfield code="a">lccopycat</subfield>
          </datafield>
          <datafield tag="043" ind1=" " ind2=" ">
            <subfield code="a">n-us---</subfield>
          </datafield>
          <datafield tag="050" ind1="0" ind2="0">
            <subfield code="a">KF4819.A2</subfield>
            <subfield code="b">C655 2002</subfield>
          </datafield>
          <datafield tag="245" ind1="0" ind2="0">
            <subfield code="a">Coming to America :</subfield>
            <subfield code="b">entry issues in the current immigration landscape /</subfield>
            <subfield code="c">Michael Turansick, Kathleen Campbell Walker, editors ; Carol Hobson, managing editor.</subfield>
          </datafield>
          <datafield tag="246" ind1="3" ind2="0">
            <subfield code="a">Entry issues in the current immigration landscape</subfield>
          </datafield>
          <datafield tag="260" ind1=" " ind2=" ">
            <subfield code="a">Washington, DC :</subfield>
            <subfield code="b">American Immigration Lawyers Association,</subfield>
            <subfield code="c">c2002.</subfield>
          </datafield>
          <datafield tag="300" ind1=" " ind2=" ">
            <subfield code="a">vii, 229 p. :</subfield>
            <subfield code="b">ill. ;</subfield>
            <subfield code="c">28 cm.</subfield>
          </datafield>
          <datafield tag="500" ind1=" " ind2=" ">
            <subfield code="a">"Prepared as the conference materials for AILA's 2002 Midyear Conference"--P. vii.</subfield>
          </datafield>
          <datafield tag="504" ind1=" " ind2=" ">
            <subfield code="a">Includes bibliographical references.</subfield>
          </datafield>
          <datafield tag="505" ind1="0" ind2="0">
            <subfield code="t">Try to remember /</subfield>
            <subfield code="r">by Robert P. Deasy --</subfield>
            <subfield code="t">Immigration meets the border /</subfield>
            <subfield code="r">by Kathleen Campbell Walker --</subfield>
            <subfield code="t">NAFTA admission of Canadian citizens after October 1999 /</subfield>
            <subfield code="r">by David H. Paruch --</subfield>
            <subfield code="t">Nonimmigrant entry/border crossing /</subfield>
            <subfield code="r">by Kathrine Urban --</subfield>
            <subfield code="t">Understanding the new paradigm: dealing with the "visa lookout" list /</subfield>
            <subfield code="r">by Charles H. Kuck, Stephen Yale-Loehr and Layli Eskandart --</subfield>
            <subfield code="t">Review of State Department and INS lookout systems /</subfield>
            <subfield code="r">by Mark T. Kenmore and Stephen Yale-Loehr --</subfield>
            <subfield code="t">Seeking relief for expedited removal and other disasters /</subfield>
            <subfield code="r">by Mark T. Kenmore --</subfield>
          </datafield>
          <datafield tag="505" ind1="0" ind2="0">
            <subfield code="t">Expedited removal : the basics /</subfield>
            <subfield code="r">by Roxana C. Bacon ... [et al.] --</subfield>
            <subfield code="t">Expedited removal : too much authority in too few hands /</subfield>
            <subfield code="r">by Jonathan D. Montag --</subfield>
            <subfield code="t">Nonimmigrant waivers and parole /</subfield>
            <subfield code="r">by Robert Pauw --</subfield>
            <subfield code="t">Abandonment of permanent resident status /</subfield>
            <subfield code="r">by Roxana C. Bacon ... [et al.] --</subfield>
            <subfield code="t">Vehicle seizures and forfeitures for immigration violations /</subfield>
            <subfield code="r">by Robert Pauw --</subfield>
            <subfield code="t">Secrecy, guilty by association, and the terrorist profile /</subfield>
            <subfield code="r">by David Cole --</subfield>
            <subfield code="t">Immigration and national security after September 11, 2001 /</subfield>
            <subfield code="r">by Royal F. Berg and Ronald Ng --</subfield>
            <subfield code="t">Strategic TN planning /</subfield>
            <subfield code="r">by Kim M. Solar --</subfield>
          </datafield>
          <datafield tag="505" ind1="0" ind2="0">
            <subfield code="t">Technology alert list /</subfield>
            <subfield code="r">compiled by the U.S. Department of State --</subfield>
            <subfield code="t">USA Patriot Act boosts government powers while cutting back on traditional checks and balances /</subfield>
            <subfield code="r">by the American Civil Liberties Union.</subfield>
          </datafield>
          <datafield tag="650" ind1=" " ind2="0">
            <subfield code="a">Emigration and immigration law</subfield>
            <subfield code="z">United States.</subfield>
          </datafield>
          <datafield tag="700" ind1="1" ind2=" ">
            <subfield code="a">Turnasick, Michael,</subfield>
            <subfield code="d">1957-</subfield>
          </datafield>
          <datafield tag="700" ind1="1" ind2=" ">
            <subfield code="a">Walker, Kathleen Campbell,</subfield>
            <subfield code="d">1960-</subfield>
          </datafield>
          <datafield tag="700" ind1="1" ind2=" ">
            <subfield code="a">Hobson, Carol P.M.</subfield>
          </datafield>
          <datafield tag="710" ind1="2" ind2=" ">
            <subfield code="a">American Immigration Lawyers Association.</subfield>
          </datafield>
        </record>
      </zs:recordData>
      <zs:recordPosition>1</zs:recordPosition>
    </zs:record>