
    <zs:record>
      <zs:recordSchema/>
      <zs:recordPacking>xml</zs:recordPacking>
      <zs:recordData>
        <record xmlns="http://www.loc.gov/MARC21/slim">
          <leader>02730cim a2200601 a 4500</leader>
          <controlfield tag="001">12797214</controlfield>
          <controlfield tag="005">20240209110530.0</controlfield>
          <controlfield tag="007">ss lunjlcmnnue</controlfield>
          <controlfield tag="008">000315s2000    utunnn         i    eng d</controlfield>
          <datafield tag="906" ind1=" " ind2=" ">
            <subfield code="a">7</subfield>
            <subfield code="b">cbc</subfield>
            <subfield code="c">copycat</subfield>
            <subfield code="d">3</subfield>
            <subfield code="e">ncip</subfield>
            <subfield code="f">20</subfield>
            <subfield code="g">y-genmusic</subfield>
          </datafield>
          <datafield tag="925" ind1="0" ind2=" ">
            <subfield code="a">acquire</subfield>
            <subfield code="b">1 shelf copy</subfield>
            <subfield code="e">do not retain if CD copy is acquired</subfield>
            <subfield code="x">policy default</subfield>
          </datafield>
          <datafield tag="955" ind1=" " ind2=" ">
            <subfield code="a">vn00 2002-05-31</subfield>
            <subfield code="i">vn37 2002-05-31</subfield>
            <subfield code="e">vn37 2002-05-31 to MBRS</subfield>
          </datafield>
          <datafield tag="035" ind1=" " ind2=" ">
            <subfield code="a">(OCoLC)ocm43637923</subfield>
          </datafield>
          <datafield tag="010" ind1=" " ind2=" ">
            <subfield code="a">  2002560479</subfield>
          </datafield>
          <datafield tag="020" ind1=" " ind2=" ">
            <subfield code="a">1573456446 :</subfield>
            <subfield code="c">$14.95</subfield>
          </datafield>
          <datafield tag="024" ind1="3" ind2=" ">
            <subfield code="a">9781573456449</subfield>
            <subfield code="d">51495</subfield>
          </datafield>
          <datafield tag="028" ind1="0" ind2="2">
            <subfield code="a">SKU 3954710</subfield>
            <subfield code="b">Eagle Gate</subfield>
          </datafield>
          <datafield tag="040" ind1=" " ind2=" ">
            <subfield code="a">UUC</subfield>
            <subfield code="c">UUC</subfield>
            <subfield code="d">OCL</subfield>
            <subfield code="d">DLC</subfield>
          </datafield>
          <datafield tag="042" ind1=" " ind2=" ">
            <subfield code="a">lccopycat</subfield>
          </datafield>
          <datafield tag="050" ind1="0" ind2="0">
            <subfield code="a">RZA 6047</subfield>
          </datafield>
          <datafield tag="130" ind1="0" ind2=" ">
            <subfield code="a">Sunshine for the Latter-day Saint mother's soul.</subfield>
            <subfield code="k">Selections.</subfield>
          </datafield>
          <datafield tag="245" ind1="0" ind2="0">
            <subfield code="a">Sunshine for the Latter-day Saint mother's soul</subfield>
            <subfield code="h">[sound recording].</subfield>
          </datafield>
          <datafield tag="246" ind1="1" ind2=" ">
            <subfield code="i">Subtitle on container:</subfield>
            <subfield code="a">Stories to brighten your day and gladden your life.</subfield>
          </datafield>
          <datafield tag="260" ind1=" " ind2=" ">
            <subfield code="a">Salt Lake City, Utah :</subfield>
            <subfield code="b">Eagle Gate,</subfield>
            <subfield code="c">p2000.</subfield>
          </datafield>
          <datafield tag="300" ind1=" " ind2=" ">
            <subfield code="a">2 sound cassettes (ca. 120 min.) :</subfield>
            <subfield code="b">analog.</subfield>
          </datafield>
          <datafield tag="306" ind1=" " ind2=" ">
            <subfield code="a">020000</subfield>
          </datafield>
          <datafield tag="440" ind1=" " ind2="0">
            <subfield code="a">Deseret Book audio library.</subfield>
            <subfield code="p">Book on cassette</subfield>
          </datafield>
          <datafield tag="500" ind1=" " ind2=" ">
            <subfield code="a">An abridged recording of the book.</subfield>
          </datafield>
          <datafield tag="500" ind1=" " ind2=" ">
            <subfield code="a">In container (14 cm.).</subfield>
          </datafield>
          <datafield tag="500" ind1=" " ind2=" ">
            <subfield code="a">Authors include: Janene Wolsey Baadsgaard, Anita R. Canfield, Elaine Cannon, George D. Durrant, Jaroldeen Asplund Edwards, Michaelene P. Grassli, Marion D. Hanks, Ardeth G. Kapp, Harold B. Lee, Marilynne Todd Linford, Kathleen "Casey" Null, Virginia H. Pearce, and Barbara B. Smith.</subfield>
          </datafield>
          <datafield tag="508" ind1=" " ind2=" ">
            <subfield code="a">Produced and edited by Kenny Hodges ; additional recordings by Mike Hollister and Marvin Payne.</subfield>
          </datafield>
          <datafield tag="511" ind1="0" ind2=" ">
            <subfield code="a">Selections read by Kathleen H. Barnes, Elaine Cannon, George D. Durrant ... [et al.].</subfield>
          </datafield>
          <datafield tag="500" ind1=" " ind2=" ">
            <subfield code="a">In container (14 cm.).</subfield>
          </datafield>
          <datafield tag="520" ind1=" " ind2=" ">
            <subfield code="a">Presents excerpts from the collection of inspirational stories that celebrate the love and wisdom of mothers in the Church of Jesus Christ of Latter-day Saints.</subfield>
          </datafield>
          <datafield tag="650" ind1=" " ind2="0">
            <subfield code="a">Mothers</subfield>
            <subfield code="x">Religious life.</subfield>
          </datafield>
          <datafield tag="650" ind1=" " ind2="0">
            <subfield code="a">Latter Day Saint women</subfield>
            <subfield code="x">Religious life.</subfield>
          </datafield>
          <datafield tag="650" ind1=" " ind2="0">
            <subfield code="a">Latter Day Saint women</subfield>
            <subfield code="x">Spiritual life.</subfield>
          </datafield>
          <datafield tag="650" ind1=" " ind2="0">
            <subfield code="a">Spiritual life</subfield>
            <subfield code="x">Church of Jesus Christ of Latter-day Saints.</subfield>
          </datafield>
          <datafield tag="650" ind1=" " ind2="0">
            <subfield code="a">Audiobooks.</subfield>
          </datafield>
          <datafield tag="700" ind1="1" ind2=" ">
            <subfield code="a">Baadsgaard, Janene Wolsey.</subfield>
          </datafield>
          <datafield tag="700" ind1="1" ind2=" ">
            <subfield code="a">Canfield, Anita,</subfield>
            <subfield code="d">1946-</subfield>
          </datafield>
          <datafield tag="700" ind1="1" ind2=" ">
            <subfield code="a">Cannon, Elaine.</subfield>
          </datafield>
          <datafield tag="700" ind1="1" ind2=" ">
            <subfield code="a">Durrant, George D.</subfield>
          </datafield>
          <datafield tag="700" ind1="1" ind2=" ">
            <subfield code="a">Edwards, Jaroldeen.</subfield>
          </datafield>
          <datafield tag="700" ind1="1" ind2=" ">
            <subfield code="a">Grassli, Michaelene P.,</subfield>
            <subfield code="d">1940-</subfield>
          </datafield>
          <datafield tag="700" ind1="1" ind2=" ">
            <subfield code="a">Hanks, Marion D.</subfield>
          </datafield>
          <datafield tag="700" ind1="1" ind2=" ">
            <subfield code="a">Kapp, Ardeth G.</subfield>
            <subfield code="q">(Ardeth Greene),</subfield>
            <subfield code="d">1931-</subfield>
          </datafield>
          <datafield tag="700" ind1="1" ind2=" ">
            <subfield code="a">Lee, Harold B.,</subfield>
            <subfield code="d">1899-1973.</subfield>
          </datafield>
          <datafield tag="700" ind1="1" ind2=" ">
            <subfield code="a">Linford, Marilynne Todd.</subfield>
          </datafield>
          <datafield tag="700" ind1="1" ind2=" ">
            <subfield code="a">Null, Kathleen.</subfield>
          </datafield>
          <datafield tag="700" ind1="1" ind2=" ">
            <subfield code="a">Pearce, Virginia H.</subfield>
          </datafield>
          <datafield tag="700" ind1="1" ind2=" ">
            <subfield code="a">Smith, Barbara B.</subfield>
          </datafield>
          <datafield tag="700" ind1="1" ind2=" ">
            <subfield code="a">Walker, Kathleen,</subfield>
            <subfield code="d">1939-</subfield>
          </datafield>
        </record>
      </zs:recordData>
      <zs:recordPosition>3</zs:recordPosition>
    </zs:record>