
    <zs:record>
      <zs:recordSchema/>
      <zs:recordPacking>xml</zs:recordPacking>
      <zs:recordData>
        <record xmlns="http://www.loc.gov/MARC21/slim">
          <leader>01472cam a2200337 a 4500</leader>
          <controlfield tag="001">12849866</controlfield>
          <controlfield tag="005">20240209105427.0</controlfield>
          <controlfield tag="008">020711s2002    utua   a      000 0 eng d</controlfield>
          <datafield tag="906" ind1=" " ind2=" ">
            <subfield code="a">7</subfield>
            <subfield code="b">cbc</subfield>
            <subfield code="c">copycat</subfield>
            <subfield code="d">2</subfield>
            <subfield code="e">ncip</subfield>
            <subfield code="f">20</subfield>
            <subfield code="g">y-gencatlg</subfield>
          </datafield>
          <datafield tag="925" ind1="0" ind2=" ">
            <subfield code="a">Acquire</subfield>
            <subfield code="b">2 shelf copies</subfield>
            <subfield code="x">policy default</subfield>
          </datafield>
          <datafield tag="955" ind1=" " ind2=" ">
            <subfield code="a">ps04 2002-07-11to SSCD</subfield>
            <subfield code="c">sh16 2002-07-31</subfield>
            <subfield code="d">sh13 2002-08-02;</subfield>
            <subfield code="e">sh42 2002-08-10 to Children's Lit.;</subfield>
            <subfield code="a">Copy 2 to BCCD sp55 2002-09-03</subfield>
            <subfield code="d">lb18 2004-04-09</subfield>
            <subfield code="a">aa23 2004-06-04</subfield>
          </datafield>
          <datafield tag="010" ind1=" " ind2=" ">
            <subfield code="a">  2002510125</subfield>
          </datafield>
          <datafield tag="020" ind1=" " ind2=" ">
            <subfield code="a">157008792X</subfield>
          </datafield>
          <datafield tag="035" ind1=" " ind2=" ">
            <subfield code="a">(OCoLC)ocm50141748</subfield>
          </datafield>
          <datafield tag="040" ind1=" " ind2=" ">
            <subfield code="a">OQX</subfield>
            <subfield code="c">OQX</subfield>
            <subfield code="d">DLC</subfield>
          </datafield>
          <datafield tag="042" ind1=" " ind2=" ">
            <subfield code="a">lcac</subfield>
            <subfield code="a">lccopycat</subfield>
          </datafield>
          <datafield tag="050" ind1="0" ind2="0">
            <subfield code="a">BX8643.T4</subfield>
            <subfield code="b">B37 2002</subfield>
          </datafield>
          <datafield tag="082" ind1="0" ind2="0">
            <subfield code="a">246/.9589332</subfield>
            <subfield code="2">22</subfield>
          </datafield>
          <datafield tag="100" ind1="1" ind2=" ">
            <subfield code="a">Walker, Kathleen,</subfield>
            <subfield code="d">1939-</subfield>
          </datafield>
          <datafield tag="245" ind1="1" ind2="0">
            <subfield code="a">I love to see the temple /</subfield>
            <subfield code="c">written by Kathleen H. Barnes, Virginia H. Pearce ; illustrated by Dilleen Marsh.</subfield>
          </datafield>
          <datafield tag="260" ind1=" " ind2=" ">
            <subfield code="a">Salt Lake City :</subfield>
            <subfield code="b">Bookcraft,</subfield>
            <subfield code="c">c2002.</subfield>
          </datafield>
          <datafield tag="300" ind1=" " ind2=" ">
            <subfield code="a">1 v. (unpaged) :</subfield>
            <subfield code="b">col. ill. ;</subfield>
            <subfield code="c">21 cm.</subfield>
          </datafield>
          <datafield tag="500" ind1=" " ind2=" ">
            <subfield code="a">On board pages.</subfield>
          </datafield>
          <datafield tag="520" ind1=" " ind2=" ">
            <subfield code="a">Brief stories, facts, and illustrations about Mormon temples around the world help convey the importance of temples.</subfield>
          </datafield>
          <datafield tag="650" ind1=" " ind2="0">
            <subfield code="a">Latter Day Saint temples</subfield>
            <subfield code="v">Juvenile literature.</subfield>
          </datafield>
          <datafield tag="650" ind1=" " ind2="0">
            <subfield code="a">Latter Day Saint church buildings</subfield>
            <subfield code="v">Juvenile literature.</subfield>
          </datafield>
          <datafield tag="610" ind1="2" ind2="0">
            <subfield code="a">Church of Jesus Christ of Latter-Day Saints</subfield>
            <subfield code="v">Juvenile literature.</subfield>
          </datafield>
          <datafield tag="650" ind1=" " ind2="1">
            <subfield code="a">Latter Day Saint temples.</subfield>
          </datafield>
          <datafield tag="650" ind1=" " ind2="1">
            <subfield code="a">Latter Day Saint churches</subfield>
            <subfield code="x">History.</subfield>
          </datafield>
          <datafield tag="700" ind1="1" ind2=" ">
            <subfield code="a">Pearce, Virginia H.</subfield>
          </datafield>
          <datafield tag="700" ind1="1" ind2=" ">
            <subfield code="a">Marsh, Dilleen,</subfield>
            <subfield code="d">1952-</subfield>
            <subfield code="e">ill.</subfield>
          </datafield>
        </record>
      </zs:recordData>
      <zs:recordPosition>6</zs:recordPosition>
    </zs:record>